<record><leader>00000cas a22000007a 4500</leader><controlfield tag="001">14772972</controlfield><controlfield tag="008">861120d18931uuutxuwr ne     o0    0eng d</controlfield><datafield ind1=" " ind2=" " tag="010"><subfield code="a">sn 86090145 </subfield></datafield><datafield ind1=" " ind2=" " tag="040"><subfield code="a">PPM</subfield><subfield code="b">eng</subfield><subfield code="c">PPM</subfield><subfield code="d">OCLCQ</subfield></datafield><datafield ind1=" " ind2=" " tag="042"><subfield code="a">msc</subfield></datafield><datafield ind1="0" ind2=" " tag="130"><subfield code="a">Lone star weekly (Austin, Tex.)</subfield></datafield><datafield ind1="1" ind2="0" tag="245"><subfield code="a">Lone star weekly.</subfield></datafield><datafield ind1=" " ind2=" " tag="260"><subfield code="a">Austin, Tex. :</subfield><subfield code="b">Texas School for the Deaf</subfield></datafield><datafield ind1=" " ind2=" " tag="300"><subfield code="a">v. :</subfield><subfield code="b">ill. ;</subfield><subfield code="c">31 cm.</subfield></datafield><datafield ind1=" " ind2=" " tag="310"><subfield code="a">Weekly</subfield></datafield><datafield ind1="1" ind2=" " tag="362"><subfield code="a">Began in 1893?</subfield></datafield><datafield ind1=" " ind2=" " tag="588"><subfield code="a">Description based on: Vol. 2, no. 4 (Oct. 2, 1894).</subfield></datafield><datafield ind1=" " ind2=" " tag="752"><subfield code="a">United States</subfield><subfield code="b">Texas</subfield><subfield code="c">Travis</subfield><subfield code="d">Austin.</subfield></datafield></record>